<record><leader>00000cas a2200000 a 4500</leader><controlfield tag="001">12168760</controlfield><controlfield tag="008">850618d19121931ksudr ne      0    0eng d</controlfield><datafield ind1=" " ind2=" " tag="010"><subfield code="a">sn 85030539 </subfield></datafield><datafield ind1=" " ind2=" " tag="040"><subfield code="a">KSH</subfield><subfield code="b">eng</subfield><subfield code="c">KSH</subfield><subfield code="d">NPT</subfield><subfield code="d">OCL</subfield><subfield code="d">OCLCQ</subfield></datafield><datafield ind1=" " ind2=" " tag="042"><subfield code="a">msc</subfield></datafield><datafield ind1="0" ind2="4" tag="245"><subfield code="a">The Daily timesett.</subfield></datafield><datafield ind1=" " ind2=" " tag="260"><subfield code="a">Chanute, Kan. :</subfield><subfield code="b">[s.n.],</subfield><subfield code="c">-1931.</subfield></datafield><datafield ind1=" " ind2=" " tag="300"><subfield code="a">v. :</subfield><subfield code="b">ill. ;</subfield><subfield code="c">35 cm.</subfield></datafield><datafield ind1=" " ind2=" " tag="310"><subfield code="a">Daily (except Sunday)</subfield></datafield><datafield ind1="0" ind2=" " tag="362"><subfield code="a">-v. 21, no. 151 (Dec. 31, 1931).</subfield></datafield><datafield ind1="1" ind2=" " tag="362"><subfield code="a">Began in 1912.</subfield><subfield code="z">Cf. Ayer, 1924.</subfield></datafield><datafield ind1=" " ind2=" " tag="525"><subfield code="a">Supplements included.</subfield></datafield><datafield ind1=" " ind2=" " tag="588"><subfield code="a">Description based on: Vol. 1, no. 271 (May 18, 1912).</subfield></datafield><datafield ind1=" " ind2=" " tag="752"><subfield code="a">United States</subfield><subfield code="b">Kansas</subfield><subfield code="c">Neosho</subfield><subfield code="d">Chanute.</subfield></datafield><datafield ind1="0" ind2="7" tag="785"><subfield code="t">Chanute tribune (Chanute, Kan. : 1927)</subfield><subfield code="w">(DLC)sn 85030538</subfield></datafield><datafield ind1="0" ind2="7" tag="785"><subfield code="t">Chanute tribune and the daily timesett</subfield><subfield code="w">(DLC)sn 85030540</subfield></datafield></record>